<?xml version="1.0" encoding="UTF-8"?><collection xmlns="http://www.loc.gov/MARC21/slim"><record><leader>00383nam--2200133-i-4500</leader><controlfield tag="001">000031962</controlfield><controlfield tag="002">20161230</controlfield><controlfield tag="005">20161230201038</controlfield><controlfield tag="008">060222s1000------------r-----000-0-eng-d</controlfield><datafield ind1=" " ind2=" " tag="080"><subfield code="a">693.625:72.012</subfield></datafield><datafield ind1=" " ind2=" " tag="100"><subfield code="a">Makarov, V.I</subfield></datafield><datafield ind1=" " ind2=" " tag="245"><subfield code="a">Tencuitorul de fatade. traducere din limba rusa</subfield></datafield><datafield ind1=" " ind2=" " tag="260"><subfield code="a">Bucuresti, Editura De Stat Pentru Arhitectura Si Constructii, 1955. 238p</subfield></datafield><datafield ind1=" " ind2=" " tag="852"><subfield code="a">5896</subfield></datafield></record></collection>